@misc{define-word,
  author = "{Oleh Krehel}",
  title = "\href{https://github.com/abo-abo/define-word}{Github: abo-abo/define-word.el}",
  year = 2015,
  note = "[Online; accessed 2020-06-09]"
}

@misc{define-word-blog,
  author = "{Oleh Krehel}",
  title = "\href{https://oremacs.com/2015/05/22/define-word/}{New on MELPA - define word at point}",
  year = 2015,
  note = "[Online; accessed 2020-06-09]"
}
